@COMMENT{PLEASE ADD YOUR NEW ENTRIES AT THE END OF THIS FILE.}


@article{k2024crucial,
	title={The Crucial Role of Data Collection in Research: Techniques, Challenges, and Best Practices},
	author={Karunarathna, I. and Gunasena, P. and Hapuarachchi, T. and Gunathilake, S.},
	journal={Uva Clinical Research},
	pages={1--24},
	month={06},
	year={2024}
}

@misc{Indeed25,
	title={Primary vs. Secondary Data in Market Research: Definitions and Differences},
	url={indeed.com/career-advice/career-development/primary-vs-secondary-data-market-research},
	journal={Indeed},
	author={{Indeed}},
	year={2025},
	month={Feb},
	day={20},
} 

@misc{Nasrudin25,
	title={Secondary Research: Meaning, Sources, Advantages, Disadvantages},
	url={penpoin.com/secondary-research/},
	journal={Penpoin.},
	author={Nasrudin, Ahmad},
	year={2025},
	month={Jan},
	day={27},
} 

@article{gogolin02,
	title={Linguistic diversity and new minorities in Europe},
	author={Gogolin, Ingrid},
	journal={Guide for the Development of Language Education Policies in Europe: From Linguistic Diversity to Plurilingual Education},
	year={2002}
}

@article{berbee24Mig,
	author={{Berbée}, Paul and Stuhler, Jan},
	title={The Integration of Migrants in the German Labor Market: Evidence over 50 years},
	journal={Economic Policy},
	volume={40},
	number={122},
	pages={481-549},
	year={2024},
	month={07},
	issn={0266-4658},
	doi={10.1093/epolic/eiae040},
	url={doi.org/10.1093/epolic/eiae040},
	eprint={academic.oup.com/economicpolicy/article-pdf/40/122/481/58705892/eiae040.pdf},
}

@book{Shohamy06,
	title={Language Policy: Hidden Agendas and New Approaches},
	url={doi.org/10.4324/9780203387962},
	DOI={10.4324/9780203387962},
	publisher={Routledge},
	author={Shohamy, Elana},
	year={2006},
	month={05},
	isbn={9780203387962},
	language={en}
}

@misc{Neeley2012,
	title={Global Business Speaks English},
	url={hbr.org/2012/05/global-business-speaks-english},
	journal={Harvard Business Review},
	publisher={Harvard Business School Publishing},
	author={Neeley, Tsedal},
	year={2012},
	month={05},
	day={01}
} 

@article{LinguaFranca,
	url={doi.org/10.1515/jelf-2012-0023},
	title={English as a lingua franca: myths and facts},
	author={Mufwene, Salikoko S.},
	pages={365--370},
	volume={1},
	number={2},
	journal={Journal of English as a Lingua Franca},
	doi={10.1515/jelf-2012-0023},
	year={2012},
	lastchecked={2025-05-26}
}

@inbook{Extra10diversity,
	author={Extra, Guus},
	year={2010},
	month={01},
	pages={107--122},
	title={Mapping linguistic diversity in multicultural contexts: Demolinguistic perspectives},
	isbn={9780195374926},
	publisher={Oxford University Press},
	editor={Fishman, J. and Garcia, O.},
	booktitle={Handbook of language and ethnic identity}
}

@online{kummuni25Language,
	title={The Truth About Language in Berlin: Can You Survive Without German?},
	author={{Kummuni}},
	year={2025},
	month={02},
	day={15},
	url={kummuni.com/blog/why-berlin-is-a-top-choice-for-international-students-and-professionals},
	lastchecked={2025-05-28}
}

@online{simplegermany25,
	title={Can I Work In Germany Without Speaking German?},
	author={Palacios, Jen},
	year={2025},
	month={03},
	dau={27},
	url={simplegermany.com/work-in-germany-without-german},
	lastchecked={2025-05-28}
}

@online{bertelsmann,
	title={Making fair migration a reality},
	author={{Bertelsmann Stiftung}},
	year={n.d.},
	url={bertelsmann-stiftung.de/en/our-projects/making-fair-migration-a-reality/project-description},
	lastchecked={2025-05-25}
}

@article{ErlingWalton07,
	author={Erling, Elizabeth J. and Walton, Alan},
	title={English at work in Berlin},
	volume={23},
	url={doi.org/10.1017/S026607840700106X},
	doi={10.1017/s026607840700106x},
	number={1},
	journal={English Today},
	publisher={Cambridge University Press},
	year={2007},
	month={01},
	pages={32–40}
}

@article{DamelangHaas12,
	author={Damelang, Andreas and Haas, Anette},
	title={THE BENEFITS OF MIGRATION: Cultural diversity and labour market success},
	journal={European Societies},
	volume={14},
	number={3},
	pages={362-392},
	year={2012},
	month={07},
	issn={1461-6696},
	doi={10.1080/14616696.2012.676758},
	url={doi.org/10.1080/14616696.2012.676758},
	eprint={direct.mit.edu/euso/article-pdf/14/3/362/2491132/14616696.2012.676758.pdf},
}

@techreport{EU2020germany,
	author = {Duell, Nicola and Vetter, Tim},
	title = {The employment and social situation in Germany},
	year = {2020},
	month={05},
	institution = {European Parliament, Policy Department for Economic, Scientific and Quality of Life Policies},
	address = {Luxembourg},
	type = {Study for the Committee on Employment and Social Affairs},
	url = {coilink.org/20.500.12592/sv5fxg},
	urldate = {2025-06-20},
}

@online{bmi2025,
	title={Immigration by skilled workers up considerably, irregular migration drops significantly},
	url={bmi.bund.de/SharedDocs/pressemitteilungen/EN/2025/04/bpk-bilanz-en.html}, 
	journal={{Federal Ministry of the Interior}}, 
	publisher={Federal Ministry of the Interior}, 
	author={Federal Ministry of the Interior}, 
	year={2025}, 
	month={04}
} 

@online{Dietzel2024,
	title={How to overcome challenges in the German job market}, 
	url={alumniportal-deutschland.org/en/digital-learning/career-development/navigating-german-job-market}, 
	journal={Alumniportal Deutschland},
	author={Dietzel, Heike Anne}, 
	year={2024}, 
	month={11}
} 

@online{stat23,
	title={Local Languages Are Crucial for Migrants to Master},
	author={Fleck, Anna},
	year={2023},
	month={11},
	day={08},
	url={statista.com/chart/31222/share-of-online-job-postings-in-local-language-and-english},
	journal={Statista},

}

@online{Jones25,
	title={Mastering German: The \#1 Factor for expats’ career \& salary growth in Germany (2025 data)}, 
	url={lingoda.com/blog/en/german-for-career-and-salary-growth/}, 
	journal={Lingoda}, 
	publisher={Lingoda},
	author={Jones, Laura},
	year={2025}, 
	month={05},
	day={07}
} 
