@COMMENT{PLEASE ADD YOUR NEW ENTRIES AT THE END OF THIS FILE.}


@misc{placeholder,
	title={T},
}

