@COMMENT{PLEASE ADD YOUR NEW ENTRIES AT THE END OF THIS FILE.}

@book{agarwal2022hands,
  title={Hands-on data structures and algorithms with Python: Store, manipulate, and access data effectively and boost the performance of your applications},
  author={Agarwal, Basant},
  year={2022},
  publisher={Packt Publishing Ltd}
}

@book{burkov2019hundred,
	title={The hundred-page machine learning book},
	author={Burkov, Andriy},
	volume={1},
	year={2019},
	publisher={Andriy Burkov Quebec City, QC, Canada}
}

@book{burkov2020machine,
  title={Machine learning engineering},
  author={Burkov, Andriy},
  volume={1},
  year={2020},
  publisher={True Positive Incorporated Montreal, QC, Canada}
}

@book{sharma2021python,
  title={Python programming: A practical approach},
  author={Sharma, Vijay Kumar and Kumar, Vimal and Sharma, Swati and Pathak, Shashwat},
  year={2021},
  publisher={CRC Press}
}

@book{vanderplas2016python,
  title={Python data science handbook: Essential tools for working with data},
  author={VanderPlas, Jake},
  year={2016},
  publisher={"O'Reilly Media, Inc."}
}

@article{van2001pep,
  title={PEP 8--style guide for python code},
  author={Van Rossum, Guido and Warsaw, Barry and Coghlan, Nick},
  journal={Python.org},
  volume={1565},
  pages={28},
  year={2001},
  howpublished="\url{https://www.python.org/dev/peps/pep-0008/}",
}

@book{stephens2022beginning,
  title={Beginning software engineering},
  author={Stephens, Rod},
  year={2022},
  publisher={John Wiley \& Sons}
}

@book{taylor2020information,
  title={Information security management principles: Third edition},
  author={Taylor, Andy and Alexander, David and Finch, Amanda and Sutton, David},
  year={2020},
  publisher={BCS, The Chartered Institute for IT}
}

@book{chapple2018isc,
  title={(ISC) 2 CISSP certified information systems security professional official study guide},
  author={Chapple, Mike and Stewart, James Michael and Gibson, Darril},
  year={2018},
  publisher={John Wiley \& Sons}
}

@book{steinberg2011governance,
  title={Governance, risk management, and compliance: It can't happen to us--avoiding corporate disaster while driving success},
  author={Steinberg, Richard M},
  year={2011},
  publisher={John Wiley \& Sons}
}

@book{ackermann2023full,
  title={Full stack web development: The comprehensive guide},
  author={Ackermann, Philip},
  year={2023},
  publisher={SAP Press}
}

@book{herron2020node,
  title={Node.js web development: Server-side web development made easy with Node 14 using practical examples},
  author={Herron, David},
  year={2020},
  publisher={Packt Publishing Ltd}
}

@book{knaflic2015storytelling,
  title={Storytelling with data: A data visualization guide for business professionals},
  author={Knaflic, Cole Nussbaumer},
  year={2015},
  publisher={John Wiley \& Sons}
}

@book{grimes2017beginning,
  title={Beginning C++ programming},
  author={Grimes, Richard},
  year={2017},
  publisher={Packt Publishing Ltd}
}

@book{mcmillan2012write,
  title={How to write dissertations and project reports},
  author={McMillan, Kathleen and Weyers, Jonathan},
  year={2012},
  publisher={Pearson Education UK}
}

@book{priestley2021future,
  title={The future starts now: Expert insights into the future of business, technology and society},
  author={Priestley, Theo and Williams, Bronwyn},
  year={2021},
  publisher={Bloomsbury Business}
}

@book{nourani2019computing,
  title={Computing predictive analytics, business intelligence, and economics: Modeling techniques with start-ups and incubators},
  author={Nourani, Cyrus F},
  year={2019},
  publisher={CRC Press}
}

@book{rahman2021python,
  title={Python data visualization essentials guide},
  author={Rahman, Kalilur},
  year={2021},
  publisher={BPB Publications}
}

@misc{tableau,
  title={Tutorial: Get started with Tableau Desktop},
  howpublished="\url{https://help.tableau.com/current/guides/get-started-tutorial/en-us/get-started-tutorial-home.htm}",
  note={Accessed: 01.04.2024}
}

@article{barabasi2013network,
  title={Network science},
  author={Barab{\'a}si, Albert-L{\'a}szl{\'o}},
  journal={Philosophical Transactions of the Royal Society A: Mathematical, Physical and Engineering Sciences},
  volume={371},
  number={1987},
  pages={20120375},
  year={2013},
  publisher={The Royal Society Publishing}
}

@book{easley2010networks,
  title={Networks, crowds, and markets: Reasoning about a highly connected world},
  author={Easley, David and Kleinberg, Jon and others},
  volume={1},
  year={2010},
  publisher={Cambridge University Press Cambridge}
}

@book{mcculloh2013social,
  title={Social network analysis with applications},
  author={McCulloh, Ian and Armstrong, Helen and Johnson, Anthony},
  year={2013},
  publisher={John Wiley \& Sons}
}

@article{holme2012temporal,
  title={Temporal networks},
  author={Holme, Petter and Saram{\"a}ki, Jari},
  journal={Physics reports},
  volume={519},
  number={3},
  pages={97--125},
  year={2012},
  publisher={Elsevier}
}

@book{dimri2021algorithms,
  title={Algorithms: Design and analysis},
  author={Dimri, Sushil C and Malik, Preeti and Ram, Mangey},
  year={2021},
  publisher={Walter de Gruyter GmbH \& Co KG}
}

@book{sedgewick2011algorithms,
  title={Algorithms},
  author={Sedgewick, Robert and Wayne, Kevin},
  year={2011},
  publisher={Addison-wesley professional}
}

@book{antic2021python,
  title={Python natural language processing cookbook: Over 50 recipes to understand, analyze, and generate text for implementing language processing tasks},
  author={Anti{\'c}, Zhenya},
  year={2021},
  publisher={Packt Publishing Ltd}
}

@book{kedia2020hands,
  title={Hands-on Python natural language processing: Explore tools and techniques to analyze and process text with a view to building real-world NLP applications},
  author={Kedia, Aman and Rasu, Mayank},
  year={2020},
  publisher={Packt Publishing Ltd}
}

@misc{computerscienceportfolio,
  title={The ultimate guide to your computer science portfolio: Tips, examples, and more},
  howpublished="\url{https://careerkarma.com/blog/computer-science-portfolio/}",
  note={Accessed: 01.04.2024}
}

@misc{typelift,
  title={Learn touch typing with TypeLift},
  howpublished="\url{https://www.typing.academy/}",
  note={Accessed: 01.04.2024}
}

@misc{latex,
  title={Learn LaTeX in 30 minutes},
  howpublished="\url{https://www.overleaf.com/learn/latex/Learn_LaTeX_in_30_minutes}",
  note={Accessed: 01.04.2024}
}

@misc{linuxcommandline,
  title={The Linux command line for beginners},
  howpublished="\url{https://ubuntu.com/tutorials/command-line-for-beginners}",
  note={Accessed: 01.04.2024}
}

@misc{html,
  title={HTML Tutorial},
  howpublished="\url{https://www.w3schools.com/html/}",
  note={Accessed: 01.04.2024}
}

@misc{jupyter,
  title={Jupyter Tutorial},
  howpublished="\url{https://jupyter-tutorial.readthedocs.io/en/latest/index.html}",
  note={Accessed: 01.04.2024}
}

@misc{git,
  title={Git Tutorial},
  howpublished="\url{https://www.w3schools.com/git/}",
  note={Accessed: 01.04.2024}
}

@misc{github,
  title={Git GitHub getting started},
  howpublished="\url{https://www.w3schools.com/git/git_remote_getstarted.asp}",
  note={Accessed: 01.04.2024}
}

@misc{nyakundi2021contribute,
  author={Nyakundi, H.},
  title={How to Contribute to Open Source Projects - A Beginner's Guide},
  howpublished="\url{https://www.freecodecamp.org/news/how-to-contribute-to-open-source-projects-beginners-guide/}",
  year={2021},
  note={Accessed: 01.04.2024}
}

@book{connolly2015database,
  title={Database systems: A practical approach to design, implementation, and management},
  author={Connolly, Thomas M and Begg, Carolyn E},
  year={2015},
  publisher={Pearson Education}
}

@book{hogan2018practical,
  title={A practical guide to database design},
  author={Hogan, Rex},
  year={2018},
  publisher={CRC Press}
}

@book{bush2020learn,
  title={Learn SQL database programming: Query and manipulate databases from popular relational database servers using SQL},
  author={Bush, Josephine},
  year={2020},
  publisher={Packt Publishing Ltd}
}

@book{stephens2023beginning,
  title={Beginning database design solutions: Understanding and implementing database design concepts for the cloud and beyond},
  author={Stephens, Rod},
  year={2023},
  publisher={John Wiley \& Sons}
}

@book{geron2019hands,
  title={Hands-on machine learning with Scikit-Learn, Keras, and TensorFlow},
  author={G{\'e}ron, Aur{\'e}lien},
  year={2019},
  publisher={"O'Reilly Media, Inc."}
}

@book{langr2019gans,
  title={GANs in action: Deep learning with generative adversarial networks},
  author={Langr, Jakub and Bok, Vladimir},
  year={2019},
  publisher={Manning Publications}
}

@misc{alammar2018illustrated,
  author={Alammar, Jay},
  title={The Illustrated Transformer},
  howpublished="\url{https://jalammar.github.io/illustrated-transformer/}",
  year={2018},
  note={Accessed: 01.04.2024}
}

@book{arbuckle2014learning,
  title={Learning Python testing},
  author={Arbuckle, Daniel},
  year={2014},
  publisher={Packt Publishing}
}

@book{de2018tkinter,
  title={Tkinter GUI application development cookbook: A practical solution to your GUI development problems with Python and Tkinter},
  author={de Paz, Alejandro Rodas},
  year={2018},
  publisher={Packt Publishing Ltd}
}

@book{han2022data,
  title={Data mining: concepts and techniques},
  author={Han, Jiawei and Pei, Jian and Tong, Hanghang},
  year={2022},
  publisher={Morgan kaufmann}
}

@book{aggarwal2015data,
  title={Data mining: the textbook},
  author={Aggarwal, Charu C},
  year={2015},
  publisher={Springer}
}

@book{bhusan2018big,
  title={Big data and Hadoop: Learn by example},
  author={Bhusan, Mayank},
  year={2018},
  publisher={BPB Publications}
}

@misc{mapreduce,
  title={MapReduce Tutorial},
  howpublished="\url{https://www.tutorialspoint.com/map_reduce/}",
  note={Accessed: 01.04.2024}
}

@misc{hadoop,
  title={Hadoop Tutorial},
  howpublished="\url{https://www.tutorialspoint.com/hadoop/index.htm}",
  note={Accessed: 01.04.2024}
}

@misc{spark,
  title={Apache Spark Tutorial},
  howpublished="\url{https://www.tutorialspoint.com/apache_spark/index.htm}",
  note={Accessed: 01.04.2024}
}

@misc{datawarehousing,
  title={Data Warehousing Tutorial},
  howpublished="\url{https://www.tutorialspoint.com/dwh/index.htm}",
  note={Accessed: 01.04.2024}
}

@article{pivert2018nosql,
  title={NoSQL data models: Trends and challenges},
  author={Pivert, Olivier},
  year={2018},
  publisher={John Wiley \& Sons}
}

@book{hiran2019cloud,
  title={Cloud computing: Master the concepts, architecture and applications with real-world examples and case studies},
  author={Hiran, Kamal Kant and Doshi, Ruchi and Fagbola, Temitayo and Mahrishi, Mehul},
  year={2019},
  publisher={BPB Publications}
}

@book{forouzan2017foundations,
  title={Foundations of computer science},
  author={Forouzan, Behrouz},
  year={2017},
  publisher={Cengage Learning EMEA}
}

@book{sutton2018reinforcement,
  title={Reinforcement learning: An introduction},
  author={Sutton, Richard S and Barto, Andrew G},
  year={2018},
  publisher={MIT press}
}

@book{narendra2012learning,
  title={Learning automata: An introduction},
  author={Narendra, Kumpati S and Thathachar, Mandayam AL},
  year={2012},
  publisher={Courier corporation}
}

@book{tadelis2013game,
  title={Game theory: An introduction},
  author={Tadelis, Steven},
  year={2013},
  publisher={Princeton university press}
}

@book{ravichandiran2018hands,
  title={Hands-on reinforcement learning with Python: Master reinforcement and deep reinforcement learning using OpenAI gym and tensorFlow},
  author={Ravichandiran, Sudharsan},
  year={2018},
  publisher={Packt Publishing Ltd}
}

@article{granmo2018tsetlin,
  title={The Tsetlin machine--A game theoretic bandit driven approach tooptimal pattern recognition with propositional logic},
  author={Granmo, Ole-Christoffer},
  journal={arXiv preprint arXiv:1804.01508},
  year={2018}
}

@inproceedings{abeyrathna2020intrusion,
  title={Intrusion detection with interpretable rules generated using the tsetlin machine},
  author={Abeyrathna, K Darshana and Pussewalage, Harsha S Gardiyawasam and Ranasinghe, Sasanka N and Oleshchuk, Vladimir A and Granmo, Ole-Christoffer},
  booktitle={2020 IEEE Symposium Series on Computational Intelligence (SSCI)},
  pages={1121--1130},
  year={2020},
}

@book{silberschatz2013operating,
  title={Operating system concepts essentials},
  author={Silberschatz, Abraham and Galvin, Peter B and Gagne, Greg},
  year={2013},
  publisher={Wiley Publishing}
}

@book{davies2019networking,
  title={Networking fundamentals: Develop the networking skills required to pass the Microsoft MTA Networking Fundamentals Exam 98-366},
  author={Davies, Gordon},
  year={2019},
  publisher={Packt Publishing Ltd}
}

@book{peter2020introduction,
  title={An introduction to computer networks},
  author={Peter L, Dordal},
  year={2020},
  publisher={Peter L Dordal}
}

@book{stallings2015data,
  title={Data and computer communications},
  author={Stallings, William},
  year={2015},
  publisher={Pearson Education India}
}

@book{steinberg2022cybersecurity,
  title={Cybersecurity for dummies},
  author={Steinberg, Joseph},
  year={2022},
  publisher={John Wiley \& Sons}
}

@book{thakur2020cybersecurity,
  title={Cybersecurity fundamentals: A real-world perspective},
  author={Thakur, Kutub and Pathan, Al-Sakib Khan},
  year={2020},
  publisher={CRC Press}
}

@book{stallings2015computer,
  title={Computer security: Principles and practice},
  author={Stallings, William and Brown, Lawrie},
  year={2015},
  publisher={Pearson}
}

@book{antic2021python,
  title={Python natural language processing cookbook: Over 50 recipes to understand, analyze, and generate text for implementing language processing tasks},
  author={Anti{\'c}, Zhenya},
  year={2021},
  publisher={Packt Publishing Ltd}
}

@book{ghosh2019natural,
  title={Natural language processing fundamentals: Build intelligent applications that can interpret the human language to deliver impactful results},
  author={Ghosh, Sohom and Gunning, Dwight},
  year={2019},
  publisher={Packt Publishing Ltd}
}

@book{rothman2021transformers,
  title={Transformers for natural language processing: Build innovative deep neural network architectures for NLP with Python, PyTorch, TensorFlow, BERT, RoBERTa, and more},
  author={Rothman, Denis},
  year={2021},
  publisher={Packt Publishing Ltd}
}

@book{jurafsky2024speech,
  title={Speech and language processing: An introduction to natural language processing, computational linguistics, and speech recognition},
  author={Jurafsky, Daniel and Martin, James H},
  year={2024}
}

@book{russell2020artificial,
  title={Artificial intelligence: A modern approach},
  author={Russell, Stuart J and Norvig, Peter},
  year={2020},
  publisher={Pearson}
}

@book{stinerock2018statistics,
  title={Statistics with R},
  author={Stinerock, Robert},
  year={2018},
  publisher={SAGE Publications Ltd}
}

@book{crawley2012r,
  title={The R book},
  author={Crawley, Michael J},
  year={2012},
  publisher={John Wiley \& Sons}
}

@book{hambling2019software,
  title={Software testing: An ISTQB-BCS certified tester foundation guide},
  author={Hambling, Brian},
  year={2019},
  publisher={BCS, The Chartered Institute for IT}
}

@book{myers2011art,
  title={The art of software testing},
  author={Myers, Glenford J and Sandler, Corey and Badgett, Tom},
  year={2011},
  publisher={John Wiley \& Sons}
}

@book{wilson2024software,
  title={Software design by example: A tool-based introduction with Python},
  author={Wilson, Greg},
  year={2024},
  publisher={CRC Press}
}

@book{pai2023textbook,
  title={A textbook of data structures and algorithms, Volume 3: Mastering advanced data structures and algorithm design strategies},
  author={Pai, GA Vijayalakshmi},
  year={2023},
  publisher={John Wiley \& Sons}
}

@article{barocas2016big,
  title={Big data's disparate impact},
  author={Barocas, Solon and Selbst, Andrew D},
  journal={Calif. L. Rev.},
  volume={104},
  pages={671},
  year={2016},
  publisher={HeinOnline}
}

@article{chouldechova2017fair,
  title={Fair prediction with disparate impact: A study of bias in recidivism prediction instruments},
  author={Chouldechova, Alexandra},
  journal={Big data},
  volume={5},
  number={2},
  pages={153--163},
  year={2017},
  publisher={Mary Ann Liebert, Inc. 140 Huguenot Street, 3rd Floor New Rochelle, NY 10801 USA}
}

@inproceedings{pedreshi2008discrimination,
  title={Discrimination-aware data mining},
  author={Pedreshi, Dino and Ruggieri, Salvatore and Turini, Franco},
  booktitle={Proceedings of the 14th ACM SIGKDD international conference on Knowledge discovery and data mining},
  pages={560--568},
  year={2008}
}

@inproceedings{luong2011k,
  title={k-NN as an implementation of situation testing for discrimination discovery and prevention},
  author={Luong, Binh Thanh and Ruggieri, Salvatore and Turini, Franco},
  booktitle={Proceedings of the 17th ACM SIGKDD international conference on Knowledge discovery and data mining},
  pages={502--510},
  year={2011}
}

@inproceedings{zafar2017fairness,
  title={Fairness beyond disparate treatment \& disparate impact: Learning classification without disparate mistreatment},
  author={Zafar, Muhammad Bilal and Valera, Isabel and Gomez Rodriguez, Manuel and Gummadi, Krishna P},
  booktitle={Proceedings of the 26th international conference on world wide web},
  pages={1171--1180},
  year={2017}
}

@article{hardt2016equality,
  title={Equality of opportunity in supervised learning},
  author={Hardt, Moritz and Price, Eric and Srebro, Nati},
  journal={Advances in neural information processing systems},
  volume={29},
  year={2016}
}

@inproceedings{zemel2013learning,
  title={Learning fair representations},
  author={Zemel, Rich and Wu, Yu and Swersky, Kevin and Pitassi, Toni and Dwork, Cynthia},
  booktitle={International conference on machine learning},
  pages={325--333},
  year={2013},
  organization={PMLR}
}

@article{atkinson1970measurement,
  title={On the measurement of inequality},
  author={Atkinson, Anthony B and others},
  journal={Journal of economic theory},
  volume={2},
  number={3},
  pages={244--263},
  year={1970}
}

@inproceedings{speicher2018unified,
  title={A unified approach to quantifying algorithmic unfairness: Measuring individual \& group unfairness via inequality indices},
  author={Speicher, Till and Heidari, Hoda and Grgic-Hlaca, Nina and Gummadi, Krishna P and Singla, Adish and Weller, Adrian and Zafar, Muhammad Bilal},
  booktitle={Proceedings of the 24th ACM SIGKDD international conference on knowledge discovery \& data mining},
  pages={2239--2248},
  year={2018}
}

@article{bolukbasi2016man,
  title={Man is to computer programmer as woman is to homemaker? Debiasing word embeddings},
  author={Bolukbasi, Tolga and Chang, Kai-Wei and Zou, James Y and Saligrama, Venkatesh and Kalai, Adam T},
  journal={Advances in neural information processing systems},
  volume={29},
  year={2016}
}

@article{datta2014automated,
  title={Automated experiments on ad privacy settings: A tale of opacity, choice, and discrimination},
  author={Datta, Amit and Tschantz, Michael Carl and Datta, Anupam},
  journal={arXiv preprint arXiv:1408.6491},
  year={2014}
}

@inproceedings{grgic2018human,
  title={Human perceptions of fairness in algorithmic decision making: A case study of criminal risk prediction},
  author={Grgic-Hlaca, Nina and Redmiles, Elissa M and Gummadi, Krishna P and Weller, Adrian},
  booktitle={Proceedings of the 2018 world wide web conference},
  pages={903--912},
  year={2018}
}

@book{kerzner2022project,
  title={Project management: A systems approach to planning, scheduling, and controlling},
  author={Kerzner, Harold},
  year={2022},
  publisher={John Wiley \& Sons, Inc.}
}

@book{kennedy2023learnjava,
  title={Learn Java with projects: A concise practical guide to learning everything a Java professional really needs to know},
  author={Kennedy, Seán and van Putten, Maaike},
  year={2023},
  publisher={Packt Publishing}
}

@book{chin2021definitive,
  title={The Definitive Guide to Modern Java Clients with JavaFX 17},
  author={Stephen Chin and Johan Vos and James Weaver and Gail Anderson and Paul Anderson and Bruno Borges and Anton Epple and Weiqi Gao and Jonathan Giles and José Pereda and Sven Reimers and Eugene Ryzhikov and William Antônio Siqueira},
  year={2021},
  publisher={Apress}
}
