@COMMENT{PLEASE ADD YOUR NEW ENTRIES AT THE END OF THIS FILE.}


@article{karunarathna2024crucial,
	title = {Tyeahs},
}
